@article{Bailey09,
   author = {Bailey, Matthew P. and Hallett, John},
   title = {A Comprehensive Habit Diagram for Atmospheric Ice Crystals: Confirmation from the Laboratory, AIRS II, and Other Field Studies},
   journal = {Journal of the Atmospheric Sciences},
   volume = {66},
   number = {9},
   pages = {2888-2899},
   ISSN = {0022-4928
1520-0469},
   DOI = {10.1175/2009jas2883.1},
   year = {2009},
   type = {Journal Article}
}

@article{Bauer00,
   author = {Bauer, P},
   title = {Including a melting layer in microwave radiative transfer simulation for clouds},
   journal = {Atmospheric Research},
   volume = {57},
   pages = {9-30},
   year = {2000},
   type = {Journal Article}
}

@article{Bauer04,
   author = {Bauer, P},
   title = {Microwave radiative transfer modeling in clouds and precipitation - Part I},
   journal = {Satellite Application Facility for numerical weather prediction},
   pages = {1-26},
   year = {2004},
   type = {Journal Article}
}

@article{Ding17,
   author = {Ding, Jiachen and Bi, Lei and Yang, Ping and Kattawar, George W. and Weng, Fuzhong and Liu, Quanhua and Greenwald, Thomas},
   title = {Single-scattering properties of ice particles in the microwave regime: Temperature effect on the ice refractive index with implications in remote sensing},
   journal = {Journal of Quantitative Spectroscopy and Radiative Transfer},
   volume = {190},
   pages = {26-37},
   ISSN = {00224073},
   DOI = {10.1016/j.jqsrt.2016.11.026},
   year = {2017},
   type = {Journal Article}
}

@article{Geer14,
   author = {Geer, A. J. and Baordo, F.},
   title = {Improved scattering radiative transfer for frozen hydrometeors at microwave frequencies},
   journal = {Atmospheric Measurement Techniques},
   volume = {7},
   number = {6},
   pages = {1839-1860},
   ISSN = {1867-8548},
   DOI = {10.5194/amt-7-1839-2014},
   year = {2014},
   type = {Journal Article}
}

@article{Geer10,
   author = {Geer, Alan J. and Bauer, Peter and Bormann, Niels},
   title = {Solar Biases in Microwave Imager Observations Assimilated at ECMWF},
   journal = {IEEE Transactions on Geoscience and Remote Sensing},
   volume = {48},
   number = {6},
   pages = {2660-2669},
   ISSN = {0196-2892
1558-0644},
   DOI = {10.1109/tgrs.2010.2040186},
   year = {2010},
   type = {Journal Article}
}

@article{Geer09,
   author = {Geer, A. J. and Forbes, R. M. and Bauer, P.},
   title = {Cloud and precipitation overlap in simplified scattering microwave radiative transfer},
   journal = {EUMETSAT/ECMWF Fellowship Programme Research Report},
   pages = {1-14},
   year = {2009},
   type = {Journal Article}
}

@techreport{Hocking16,
   author = {Hocking, James and Rayer, Peter and Rundle, David and Saunders, Roger and Matricardi, Marco and Geer, Alan and Brunel, Pascal and Vidot, Jérôme},
   title = {RTTOV v12 Users Guide},
   institution = {Met Office, Exeter, UK
ECMWF
MétéoFrance},
   year = {2016},
   type = {Report}
}

@article{Liu08,
   author = {Liu, Guosheng},
   title = {A Database of Microwave Single-Scattering Properties for Nonspherical Ice Particles},
   journal = {Bulletin of the American Meteorological Society},
   volume = {89},
   number = {10},
   pages = {1563-1570},
   ISSN = {0003-0007
1520-0477},
   DOI = {10.1175/2008bams2486.1},
   year = {2008},
   type = {Journal Article}
}

@article{Moreau04,
   author = {Moreau, E and Bauer, P and Chevallier, F},
   title = {Microwave radiative transfer modeling in clouds and precipitation - Part II},
   journal = {Sattelite Application Facility for numerical weather prediction},
   pages = {1-23},
   year = {2004},
   type = {Journal Article}
}

@article{Weng03,
   author = {Weng, Fuzhong and Zhao, Limin and Ferraro, Ralph R. and Poe, Gene and Li, Xiaofan and Grody, Norman C.},
   title = {Advanced microwave sounding unit cloud and precipitation algorithms},
   journal = {Radio Science},
   volume = {38},
   number = {4},
   pages = {n/a-n/a},
   ISSN = {00486604},
   DOI = {10.1029/2002rs002679},
   year = {2003},
   type = {Journal Article}
}

@article{Zhou18,
   author = {Zhou, Yiwen and Han, Yong and Wu, Yonghua and Wang, Tijian and Tang, Xiaodong and Wang, Yuan},
   title = {Optical Properties and Spatial Variation of Tropical Cyclone Cloud Systems From TRMM and MODIS in the East Asia Region: 2010-2014},
   journal = {Journal of Geophysical Research: Atmospheres},
   volume = {123},
   number = {17},
   pages = {9542-9558},
   ISSN = {2169897X},
   DOI = {10.1029/2018jd028357},
   year = {2018},
   type = {Journal Article}
}

@article{Field2007snow,
  title={Snow size distribution parameterization for midlatitude and tropical ice clouds},
  author={Field, Paul R and Heymsfield, Andrew J and Bansemer, Aaron},
  journal={Journal of the atmospheric sciences},
  volume={64},
  number={12},
  pages={4346--4365},
  year={2007}
}

@article{marshall1948distribution,
  title={The distribution of raindrops with size},
  author={Marshall, John S and Palmer, W Mc K},
  journal={Journal of meteorology},
  volume={5},
  number={4},
  pages={165--166},
  year={1948}
}
